%% This BibTeX bibliography file was created using BibDesk.
%% http://bibdesk.sourceforge.net/

%% Created for Advait Rajagopal at 2018-04-27 21:16:01 -0400 


%% Saved with string encoding Unicode (UTF-8) 



@article{betancourt2017conceptual,
	Author = {Betancourt, Michael},
	Journal = {arXiv preprint arXiv:1701.02434},
	Title = {A conceptual introduction to Hamiltonian Monte Carlo},
	Year = {2017}}

@article{betancourt2018calibrating,
	Author = {Betancourt, Michael},
	Journal = {arXiv preprint arXiv:1803.08393},
	Title = {Calibrating Model-Based Inferences and Decisions},
	Year = {2018}}

@article{feller2015hierarchical,
	Author = {Feller, Avi and Gelman, Andrew},
	Journal = {Emerging Trends in the Social and Behavioral Sciences: An interdisciplinary, searchable, and linkable resource},
	Publisher = {John Wiley \& Sons, Inc.},
	Title = {Hierarchical models for causal effects},
	Year = {2015}}


@article{gabry2017visualization,
	Author = {Gabry, Jonah and Simpson, Daniel and Vehtari, Aki and Betancourt, Michael and Gelman, Andrew},
	Journal = {arXiv preprint arXiv:1709.01449},
	Title = {Visualization in Bayesian workflow},
	Year = {2017}}

@book{gelman2014bayesian,
	Author = {Gelman, Andrew and Carlin, John B and Stern, Hal S and Dunson, David B and Vehtari, Aki and Rubin, Donald B},
	Publisher = {CRC press Boca Raton, FL},
	Title = {Bayesian data analysis},
	Volume = {2},
	Year = {2014}}

@article{gelman2006prior,
	Author = {Gelman, Andrew},
	Date-Modified = {2018-04-28 00:19:45 +0000},
	Journal = {Bayesian analysis},
	Number = {3},
	Pages = {515--534},
	Publisher = {International Society for Bayesian Analysis},
	Title = {Prior distributions for variance parameters in hierarchical models (comment on article by Browne and Draper)},
	Volume = {1},
	Year = {2006}}

@book{gelman2006data,
	Author = {Gelman, Andrew and Hill, Jennifer},
	Publisher = {Cambridge university press},
	Title = {Data analysis using regression and multilevel/hierarchical models},
	Year = {2006}}

@misc{WinNT,
	Author = {Gelman, Andrew},
	Howpublished = {\url{http://www.stat.columbia.edu/~gelman/research/published/causal_ssm.pdf}},
	Note = {Accessed: 2018-04-27},
	Title = {Benefits and limitations of randomized controlled trials},
	Year = {2017}}

@article{grotzinger2015benefits,
	Author = {Grotzinger, Andrew and Hildebrandt, Tom and Yu, Jessica},
	Journal = {International Journal of Eating Disorders},
	Number = {6},
	Pages = {746--758},
	Publisher = {Wiley Online Library},
	Title = {The benefits of using semi-continuous and continuous models to analyze binge eating data: A Monte Carlo investigation},
	Volume = {48},
	Year = {2015}}

@article{hildebrandt2017randomized,
	Author = {Hildebrandt, Tom and Michaelides, Andreas and Mackinnon, Dianna and Greif, Rebecca and DeBar, Lynn and Sysko, Robyn},
	Journal = {International Journal of Eating Disorders},
	Number = {11},
	Pages = {1313--1322},
	Publisher = {Wiley Online Library},
	Title = {Randomized controlled trial comparing smartphone assisted versus traditional guided self-help for adults with binge eating},
	Volume = {50},
	Year = {2017}}

@misc{stan-manual,
    title = {{RStan}: the {R} interface to {Stan}},
    author = {{Stan Development Team}},
    note = {R package version 2.17.3},
    year = {2018},
    Howpublished = {\url{http://mc-stan.org/}},
    }

@misc{prior-choice,
	Author = {{Stan Development Team}},
	Howpublished = {\url{https://github.com/stan-dev/stan/wiki/Prior-Choice-Recommendations}},
	Note = {Accessed: 2018-04-27},
	Title = {Prior Choice Recommendations},
	Year = {2015}}

@book{tukey1977exploratory,
  title={Exploratory data analysis},
  author={Tukey, John W},
  volume={2},
  year={1977},
  publisher={Reading, Mass.}
}

@article{vehtari2017practical,
  title={Practical Bayesian model evaluation using leave-one-out cross-validation and WAIC},
  author={Vehtari, Aki and Gelman, Andrew and Gabry, Jonah},
  journal={Statistics and Computing},
  volume={27},
  number={5},
  pages={1413--1432},
  year={2017},
  publisher={Springer}
}

@article{rouder2009bayesian,
  title={Bayesian t tests for accepting and rejecting the null hypothesis},
  author={Rouder, Jeffrey N and Speckman, Paul L and Sun, Dongchu and Morey, Richard D and Iverson, Geoffrey},
  journal={Psychonomic bulletin \& review},
  volume={16},
  number={2},
  pages={225--237},
  year={2009},
  publisher={Springer}
}

@article{carpenter2017stan,
  title={Stan: A probabilistic programming language},
  author={Carpenter, Bob and Gelman, Andrew and Hoffman, Matthew D and Lee, Daniel and Goodrich, Ben and Betancourt, Michael and Brubaker, Marcus and Guo, Jiqiang and Li, Peter and Riddell, Allen},
  journal={Journal of statistical software},
  volume={76},
  number={1},
  year={2017},
  publisher={Columbia Univ., New York, NY (United States); Harvard Univ., Cambridge, MA (United States)}
}

@book{kruschke2014doing,
  title={Doing Bayesian data analysis: A tutorial with R, JAGS, and Stan},
  author={Kruschke, John},
  year={2014},
  publisher={Academic Press}
}

@article{gelman2013commentary,
  title={Commentary: P values and statistical practice},
  author={Gelman, Andrew},
  journal={Epidemiology},
  volume={24},
  number={1},
  pages={69--72},
  year={2013},
  publisher={LWW}
}

@article{hoekstra2014robust,
  title={Robust misinterpretation of confidence intervals},
  author={Hoekstra, Rink and Morey, Richard D and Rouder, Jeffrey N and Wagenmakers, Eric-Jan},
  journal={Psychonomic bulletin \& review},
  volume={21},
  number={5},
  pages={1157--1164},
  year={2014},
  publisher={Springer}
}
@article{morey2016fallacy,
  title={The fallacy of placing confidence in confidence intervals},
  author={Morey, Richard D and Hoekstra, Rink and Rouder, Jeffrey N and Lee, Michael D and Wagenmakers, Eric-Jan},
  journal={Psychonomic bulletin \& review},
  volume={23},
  number={1},
  pages={103--123},
  year={2016},
  publisher={Springer}
}